<record><leader>00000cas a2200000 a 4500</leader><controlfield tag="001">43059578</controlfield><controlfield tag="008">991218d195u1960fluwr ne      0    0eng c</controlfield><datafield ind1=" " ind2=" " tag="010"><subfield code="a">sn 99027053 </subfield></datafield><datafield ind1=" " ind2=" " tag="040"><subfield code="a">FUG</subfield><subfield code="b">eng</subfield><subfield code="c">FUG</subfield><subfield code="d">OCLCQ</subfield><subfield code="d">OCLCF</subfield><subfield code="d">OCLCO</subfield></datafield><datafield ind1=" " ind2=" " tag="042"><subfield code="a">pcc</subfield></datafield><datafield ind1=" " ind2=" " tag="043"><subfield code="a">n-us-fl</subfield></datafield><datafield ind1="0" ind2=" " tag="130"><subfield code="a">Escambia County press (Pensacola, Fla.)</subfield></datafield><datafield ind1="1" ind2="4" tag="245"><subfield code="a">The Escambia County press.</subfield></datafield><datafield ind1=" " ind2=" " tag="260"><subfield code="a">Pensacola, Fla. :</subfield><subfield code="b">W.R. Helie,</subfield><subfield code="c">-1960.</subfield></datafield><datafield ind1=" " ind2=" " tag="300"><subfield code="a">v. :</subfield><subfield code="b">ill. ;</subfield><subfield code="c">40-56 cm.</subfield></datafield><datafield ind1=" " ind2=" " tag="310"><subfield code="a">Weekly</subfield></datafield><datafield ind1="0" ind2=" " tag="362"><subfield code="a">-15th year, no. 35 (Aug. 25, 1960).</subfield></datafield><datafield ind1=" " ind2=" " tag="580"><subfield code="a">Merged with: Warrington sun, to become: Escambia sun-press.</subfield></datafield><datafield ind1=" " ind2=" " tag="588"><subfield code="a">Description based on: 11th year, no. 12 (Mar. 23, 1956).</subfield></datafield><datafield ind1=" " ind2="0" tag="651"><subfield code="a">Pensacola (Fla.)</subfield><subfield code="v">Newspapers.</subfield></datafield><datafield ind1=" " ind2="0" tag="651"><subfield code="a">Escambia County (Fla.)</subfield><subfield code="v">Newspapers.</subfield></datafield><datafield ind1=" " ind2="7" tag="655"><subfield code="a">Newspapers.</subfield><subfield code="2">fast</subfield><subfield code="0">(OCoLC)fst01423814</subfield></datafield><datafield ind1=" " ind2="7" tag="651"><subfield code="a">Florida</subfield><subfield code="z">Escambia County.</subfield><subfield code="2">fast</subfield><subfield code="0">(OCoLC)fst01215180</subfield></datafield><datafield ind1=" " ind2="7" tag="651"><subfield code="a">Florida</subfield><subfield code="z">Pensacola.</subfield><subfield code="2">fast</subfield><subfield code="0">(OCoLC)fst01206144</subfield></datafield><datafield ind1="1" ind2=" " tag="700"><subfield code="a">Helie, W. R.</subfield></datafield><datafield ind1="0" ind2="0" tag="780"><subfield code="t">West Pensacola press (Pensacola, Fla.)</subfield><subfield code="w">(DLC)sn 99027054</subfield><subfield code="w">(OCoLC)43059570</subfield></datafield><datafield ind1="1" ind2="7" tag="785"><subfield code="t">Warrington sun</subfield><subfield code="w">(DLC)sn 99027018</subfield><subfield code="w">(OCoLC)43066075</subfield></datafield><datafield ind1="1" ind2="7" tag="785"><subfield code="t">Escambia sun-press</subfield><subfield code="w">(DLC)sn 99027019</subfield><subfield code="w">(OCoLC)43066100</subfield></datafield></record>